<record><leader>00000cas a22000007a 4500</leader><controlfield tag="001">15203437</controlfield><controlfield tag="008">870217d189u1968inuwr ne      0    0eng d</controlfield><datafield ind1=" " ind2=" " tag="010"><subfield code="a">sn 87055395 </subfield></datafield><datafield ind1=" " ind2=" " tag="040"><subfield code="a">NPI</subfield><subfield code="b">eng</subfield><subfield code="c">NPI</subfield><subfield code="d">NPI</subfield><subfield code="d">OCLCQ</subfield></datafield><datafield ind1=" " ind2=" " tag="042"><subfield code="a">msc</subfield></datafield><datafield ind1=" " ind2=" " tag="043"><subfield code="a">n-us-in</subfield></datafield><datafield ind1="0" ind2="4" tag="245"><subfield code="a">The Hillsboro times.</subfield></datafield><datafield ind1=" " ind2=" " tag="260"><subfield code="a">Hillsboro, Ind. :</subfield><subfield code="b">W.C. Bowers</subfield></datafield><datafield ind1=" " ind2=" " tag="300"><subfield code="a">v.</subfield></datafield><datafield ind1=" " ind2=" " tag="310"><subfield code="a">Weekly</subfield></datafield><datafield ind1=" " ind2=" " tag="580"><subfield code="a">Contents identical with Veedersburg news, June 22, 1966-</subfield></datafield><datafield ind1=" " ind2=" " tag="588"><subfield code="a">Description based on: Vol. 9, no. 42 (July 19, 1907).</subfield></datafield><datafield ind1=" " ind2="0" tag="651"><subfield code="a">Hillsboro (Ind.)</subfield><subfield code="v">Newspapers.</subfield></datafield><datafield ind1=" " ind2=" " tag="752"><subfield code="a">United States</subfield><subfield code="b">Indiana</subfield><subfield code="c">Fountain</subfield><subfield code="d">Hillsboro.</subfield></datafield><datafield ind1="0" ind2="7" tag="785"><subfield code="t">Veedersburg news</subfield><subfield code="w">(DLC)sn 86058032</subfield></datafield><datafield ind1="0" ind2="7" tag="785"><subfield code="t">Veedersburg news-times</subfield><subfield code="w">(DLC)sn 87055400</subfield></datafield><datafield ind1="1" ind2=" " tag="787"><subfield code="t">Veedersburg news</subfield><subfield code="w">(DLC)sn 86058032</subfield></datafield><datafield ind1="1" ind2=" " tag="029"><subfield code="a">AU@</subfield><subfield code="b">000027953363</subfield></datafield></record>